@online{litert,
    title = "LiteRT for Microcontrollers",
    url  = "https://ai.google.dev/edge/litert/microcontrollers/overview",
    urldate = "2024-12-30",
}

@online{tensorflowgitarduino,
    title = "TensorFlow Lite Micro Library for Arduino",
    url  = "https://github.com/tensorflow/tflite-micro-arduino-examples/tree/main",
    urldate = "2024-12-30",
}

@online{tensorflowgit,
    title = "TensorFlow GitHub",
    url  = "https://github.com/tensorflow",
    urldate = "2024-12-30",
}

@manual{st:an5388,
    organization  = "STMicroelectronics",
    title         = "ISM330DHCX: Finite State Machine",
    number        = "AN5388",
    year          =  2021,
    month         =  01,
    note          = "Rev. 2",
    url = "https://www.st.com/resource/en/application_note/an5388-ism330dhcx-finite-state-machine-stmicroelectronics.pdf",
}

@manual{st:an5392,
    organization  = "STMicroelectronics",
    title         = "ISM330DHCX: machine learning core",
    number        = "AN5392",
    year          =  2022,
    month         =  04,
    note          = "Rev. 5",
    url = "https://www.st.com/resource/en/application_note/an5392-ism330dhcx-machine-learning-core-stmicroelectronics.pdf",
}

@manual{st:ism330dhcx,
    organization  = "STMicroelectronics",
    title         = "ISM330DHCX",
    number        = "DS13012",
    year          =  2020,
    month         =  11,
    note          = "Rev. 7",
    url = "https://www.st.com/resource/en/datasheet/ism330dhcx.pdf",
}

@manual{st:steval-mki109v3,
    organization  = "STMicroelectronics",
    title         = "STEVAL-MKI109V3",
    number        = "DB2985",
    year          =  2019,
    month         =  04,
    note          = "Rev. 2",
    url = "https://www.st.com/resource/en/data_brief/steval-mki109v3.pdf",
}

@manual{rpi:rp2040-hardware-design,
    organization  = "Raspberry Pi Ltd",
    title         = "Hardware Design with RP2040",
    year          =  2024,
    month         =  10,
    note          = "Ver. 2b6018e-clean",
    url = "https://datasheets.raspberrypi.com/rp2040/hardware-design-with-rp2040.pdf",
}

@manual{rpi:rp2040,
    organization  = "Raspberry Pi Ltd",
    title         = "RP2040",
    year          =  2024,
    month         =  10,
    note          = "Ver. eec2b0c-clean",
    url = "https://datasheets.raspberrypi.com/rp2040/rp2040-datasheet.pdf",
}

@manual{ti:tps730,
    organization  = "Texas Instruments",
    title         = "TPS730",
    number        = "SBVS054J",
    year          =  2015,
    month         =  04,
    note          = "Rev. J",
    url = "https://www.ti.com/lit/gpn/TPS730",
}

@manual{njtp:tp4056,
    organization  = "NanJing Top Power ASIC Corp.",
    title         = "TP4056 1A Standalone Linear Li-lon Battery Charger with Thermal Regulation in SOP-8",
    url = "https://dlnmh9ip6v2uc.cloudfront.net/datasheets/Prototyping/TP4056.pdf",
}

@article{analog:gyro_drift,
    title = "The Case of the Misguided Gyro",
    author = "Ian Beavers",
    journal = "Analog Dialogue",
    number = 139,
    year = 2017,
    month = 3,
    url  = "https://www.analog.com/en/resources/analog-dialogue/raqs/raq-issue-139.html",
}

@book{Geron:ML,
    title="Uczenie maszynowe z użyciem Scikit-Learn i TensorFlow. Wydanie II",
    author="Aurélien Géron",
    isbn="9788328360037",
    year="2020",
    publisher="Helion",
}

@online{sb:ir,
    title = "IR Remote Control Theory",
    url  = "https://www.sbprojects.net/knowledge/ir",
    urldate = "2024-12-30",
}

@online{ew:ir,
    title = "IR Communication Sensor Guide with Arduino Interfacing",
    url  = "https://www.electronicwings.com/sensors-modules/ir-communication",
    urldate = "2024-12-30",
}

@manual{TSOP38238,
    organization  = "VISHAY",
    title         = "IR Receiver Modules for Remote Control Systems",
    number        = "82491",
    year          =  2024,
    month         =  05,
    note          = "Rev. 2",
}

@manual{TSOP,
    organization  = "VISHAY",
    title         = "Circuit Description of the IR Receiver Modules",
    number        = "80069",
    year          =  2013,
    month         =  02,
    note          = "Rev. 1.6",
    url = "https://www.vishay.com/docs/80069/circuit.pdf",
}

@manual{ren:nec,
    organization  = "Renesas Electronics",
    title         = "Remote Control IR Receiver / Decoder",
    author = "Oleg Gorodechny",
    number        = "AN-1184",
    year          =  2024,
    month         =  01,
    note          = "Rev. 1.01",
    url = "https://www.renesas.com/en/document/apn/1184-remote-control-ir-receiver-decoder",
}

@online{altium:nec,
    title = "NEC Infrared Transmission Protocol",
    url  = "https://techdocs.altium.com/display/FPGA/NEC+Infrared+Transmission+Protocol",
    urldate = "2024-12-30",
}

@online{irmp,
    title = "IRMP",
    url  = "https://www.mikrocontroller.net/articles/IRMP_-_english",
    urldate = "2024-12-30",
}

@online{irremotegit,
    title = "IRremote",
    url  = "https://github.com/Arduino-IRremote/Arduino-IRremote",
    urldate = "2024-12-30",
}

@online{mnist_database,
    title = "MNIST database",
    url  = "https://en.wikipedia.org/wiki/MNIST_database",
    urldate = "2024-12-30",
}
